  {
    "campus": [],
    "collection": [
      {
        "name": "Picture Catalog",
        "@id": "https://registry.cdlib.org/api/v1/collection/26559/"
      }
    ],
    "leader": "00829nkm a2200241 a 4500",
    "fields": [
      {
        "001": "001408733"
      },
      {
        "005": "20100315120729.0"
      },
      {
        "007": "kh bo "
      },
      {
        "008": "100107s19uu    caunnn            kneng d"
      },
      {
        "040": {
          "ind2": " ",
          "subfields": [
            {
              "a": "C"
        	},
            {
              "c": "C"
            }
          ],
          "ind1": " "
        }
      },
      {
        "043": {
          "ind2": " ",
          "subfields": [
            {
              "a": "n-us-ca"
            }
          ],
          "ind1": " "
        }
      },
      {
        "090": {
          "ind2": " ",
          "subfields": [
            {
              "a": "PHOTO: MOTT-MERGE COLLECTION"
            }
          ],
          "ind1": " "
        }
      },
      {
        "245": {
          "ind2": "0",
          "subfields": [
            {
              "a": "[Exterior relief mural detail Bullock's Wilshire building.]"
            },
            {
              "h": "[graphic]"
            }
          ],
          "ind1": "0"
        }
      },
      {
        "260": {
          "ind2": " ",
          "subfields": [
            {
              "a": "Los Angeles, Calif. :"
            },
            {
              "b": "Mott Studios,"
            },
            {
              "c": "[19uu]"
            }
          ],
          "ind1": " "
        }
      },
      {
        "300": {
          "ind2": " ",
          "subfields": [
            {
              "a": "1 photographic print :"
            },
            {
              "c": "9 1/4 x 7 1/2 in."
            }
          ],
          "ind1": " "
        }
      },
      {
        "505": {
          "ind2": " ",
          "subfields": [
            {
              "a": "1992-4754."
            }
          ],
          "ind1": "0"
        }
      },
      {
        "500": {
          "ind2": " ",
          "subfields": [
            {
              "a": "File proof no.:g-4-l"
            }
          ],
          "ind1": " "
        }
      },
      {
        "500": {
          "ind2": " ",
          "subfields": [
            {
              "a": "Negative file no.:157-1456."
            }
          ],
          "ind1": " "
        }
      },
      {
        "520": {
          "ind2": " ",
          "subfields": [
            {
              "a": "Detail of small stone carved relief mural above entrance. Architect: John and Donald Parkinson."
            }
          ],
          "ind1": " "
        }
      },
      {
        "651": {
          "ind2": "0",
          "subfields": [
            {
              "a": "Los Angeles (Calif.)"
            },
            {
              "v": "Photographs."
            }
          ],
          "ind1": " "
        }
      },
      {
        "655": {
          "ind2": "7",
          "subfields": [
            {
              "a": "Photographic prints."
            },
            {
              "2": "gmgpc"
            }
          ],
          "ind1": " "
        }
      },
      {
        "710": {
          "ind2": " ",
          "subfields": [
            {
              "a": "Mott Studios."
            }
          ],
          "ind1": "2"
        }
      },
      {
        "730": {
          "ind2": "0",
          "subfields": [
            {
              "a": "Mott-Merge Collection."
            }
          ],
          "ind1": " "
        }
      }      
    ],
    "repository": []
  }
